<?xml version="1.0"?>
<collection xmlns="http://www.loc.gov/MARC21/slim">
  <record>
    <leader>01436cam a2200361 a 4500</leader>
    <controlfield tag="001">38sydo</controlfield>
    <controlfield tag="003">CaSfIA</controlfield>
    <controlfield tag="005">20160527173335.0</controlfield>
    <controlfield tag="007">cr||||||||||||</controlfield>
    <controlfield tag="008">920903s1990    abc      b    000 0 ukro </controlfield>
    <datafield tag="010" ind1=" " ind2=" ">
      <subfield code="a">   92210739</subfield>
    </datafield>
    <datafield tag="016" ind1=" " ind2=" ">
      <subfield code="a">950244406</subfield>
    </datafield>
    <datafield tag="035" ind1=" " ind2=" ">
      <subfield code="a">ocm27898251</subfield>
    </datafield>
    <datafield tag="040" ind1=" " ind2=" ">
      <subfield code="a">DLC</subfield>
      <subfield code="b">eng</subfield>
      <subfield code="c">DLC</subfield>
      <subfield code="d">NLC</subfield>
      <subfield code="d">AEU</subfield>
      <subfield code="d">CaSfIA</subfield>
    </datafield>
    <datafield tag="043" ind1=" " ind2=" ">
      <subfield code="a">e-ur---</subfield>
    </datafield>
    <datafield tag="045" ind1=" " ind2=" ">
      <subfield code="a">x0x1</subfield>
    </datafield>
    <datafield tag="050" ind1="0" ind2="0">
      <subfield code="a">Z6956.U4</subfield>
      <subfield code="b">S93 1990</subfield>
      <subfield code="a">PN5355.U38</subfield>
    </datafield>
    <datafield tag="055" ind1=" " ind2="2">
      <subfield code="a">Z6956*</subfield>
    </datafield>
    <datafield tag="082" ind1="0" ind2=" ">
      <subfield code="a">015.47/034</subfield>
      <subfield code="2">20</subfield>
    </datafield>
    <datafield tag="090" ind1=" " ind2=" ">
      <subfield code="a">PN 5355 U38 Z9 S93 1990</subfield>
      <subfield code="b">AEU</subfield>
    </datafield>
    <datafield tag="100" ind1="1" ind2=" ">
      <subfield code="a">Sydorenko, O. I.</subfield>
    </datafield>
    <datafield tag="245" ind1="1" ind2="0">
      <subfield code="a">Perelik ukra&#xEF;nomovnykh chasopysiv shcho vydavalysi&#x361;a na terytori&#xEF; Rosi&#xEF; na pochatku XX stolitti&#x361;a /</subfield>
      <subfield code="h">[electronic resource] </subfield>
      <subfield code="c">upori&#x361;adnyk Oleksandr Sydorenko.</subfield>
    </datafield>
    <datafield tag="260" ind1=" " ind2=" ">
      <subfield code="a">Edmonton, Alta. :</subfield>
      <subfield code="b">Vyd-vo Kanads&#x2B9;koho in-tu ukra&#xEF;ns&#x2B9;kykh studi&#x12D;, Al&#x2B9;berts&#x2B9;ky&#x12D; universytet,</subfield>
      <subfield code="c">1990.</subfield>
    </datafield>
    <datafield tag="300" ind1=" " ind2=" ">
      <subfield code="a">18 p. ;</subfield>
      <subfield code="c">28 cm.</subfield>
    </datafield>
    <datafield tag="336" ind1=" " ind2=" ">
      <subfield code="a">text</subfield>
      <subfield code="b">txt</subfield>
      <subfield code="2">rdacontent</subfield>
    </datafield>
    <datafield tag="337" ind1=" " ind2=" ">
      <subfield code="a">unmediated</subfield>
      <subfield code="b">n</subfield>
      <subfield code="2">rdamedia</subfield>
    </datafield>
    <datafield tag="338" ind1=" " ind2=" ">
      <subfield code="a">volume</subfield>
      <subfield code="b">nc</subfield>
      <subfield code="2">rdacarrier</subfield>
    </datafield>
    <datafield tag="490" ind1="1" ind2=" ">
      <subfield code="a">Serii&#x361;a dovidnykiv ;</subfield>
      <subfield code="v">dovidnyk no. 38</subfield>
    </datafield>
    <datafield tag="500" ind1=" " ind2=" ">
      <subfield code="a">Title on added t.p.: Checklist of Ukrainian serials published in the Russian Empire--early twentieth century.</subfield>
    </datafield>
    <datafield tag="596" ind1=" " ind2=" ">
      <subfield code="a">43</subfield>
    </datafield>
    <datafield tag="650" ind1=" " ind2="0">
      <subfield code="a">Ukrainian periodicals</subfield>
      <subfield code="z">Russia (Federation)</subfield>
      <subfield code="v">Bibliography.</subfield>
    </datafield>
    <datafield tag="740" ind1="0" ind2=" ">
      <subfield code="a">Checklist of Ukrainian serials published in the Russian Empire--early twentieth century.</subfield>
    </datafield>
    <datafield tag="830" ind1=" " ind2="0">
      <subfield code="a">Occasional research reports. ;</subfield>
      <subfield code="v">research rept. no. 38.</subfield>
    </datafield>
    <datafield tag="856" ind1="4" ind2="1">
      <subfield code="u">http://archive.org/details/38sydo</subfield>
      <subfield code="z">Free eBook from the Internet Archive</subfield>
      <subfield code="3">Volume 38</subfield>
    </datafield>
    <datafield tag="856" ind1="4" ind2="2">
      <subfield code="u">http://www.openlibrary.org/books/OL1330220M</subfield>
      <subfield code="z">Additional information and access via Open Library</subfield>
      <subfield code="3">Volume 38</subfield>
    </datafield>
  </record>
</collection>
